<collection xmlns="http://www.loc.gov/MARC21/slim">
<record>
  <leader>01101nam0a22002171i 450 </leader>
  <controlfield tag="001">IT\ICCU\CNCE\063052</controlfield>
  <controlfield tag="005">20110104000000.0</controlfield>
  <datafield tag="100" ind1=" " ind2=" ">
    <subfield code="a">20051217f1572        0itac0103    ba</subfield>
  </datafield>
  <datafield tag="101" ind1=" " ind2=" ">
    <subfield code="a">ITA</subfield>
  </datafield>
  <datafield tag="102" ind1=" " ind2=" ">
    <subfield code="a">IT</subfield>
  </datafield>
  <datafield tag="200" ind1="1" ind2=" ">
    <subfield code="a">Capitoli dell&apos;Vniuersita delli stampatori, et librari, approbati, laudati, &amp; confermati dalli clarissimi signori proueditori di comune. In essecutione della parte dell&apos;illustrissimo &amp; eccelso Consiglio di X sotto di 18. Genaro 1548</subfield>
  </datafield>
  <datafield tag="210" ind1=" " ind2=" ">
    <subfield code="a">In Venetia</subfield>
    <subfield code="d">\dopo il 1572!</subfield>
  </datafield>
  <datafield tag="215" ind1=" " ind2=" ">
    <subfield code="a">\8! c.</subfield>
    <subfield code="d">4ʻ</subfield>
  </datafield>
  <datafield tag="300" ind1=" " ind2=" ">
    <subfield code="a">Stampata da Francesco Rampazetto. Per il tipografo e la data cfr.: D.E. Rhodes, Silent Printers. Anonymous printing at Venice in the sixteenth century, p. 268</subfield>
  </datafield>
  <datafield tag="620" ind1=" " ind2=" ">
    <subfield code="a">IT</subfield>
    <subfield code="d">Venezia</subfield>
  </datafield>
  <datafield tag="710" ind1="0" ind2="2">
    <subfield code="a">Universit ̉degli stampatori e librai</subfield>
    <subfield code="c"> &lt;Venezia&gt;</subfield>
    <subfield code="3">25842</subfield>
  </datafield>
  <datafield tag="712" ind1="0" ind2="0">
    <subfield code="a">Rampazetto, Francesco</subfield>
    <subfield code="c"> &lt;1.&gt;</subfield>
    <subfield code="3">IT\ICCU\CNCT\000034</subfield>
    <subfield code="4">650</subfield>
  </datafield>
  <datafield tag="791" ind1="0" ind2="2">
    <subfield code="a">Rampazzetto Francesco</subfield>
    <subfield code="3">IT\ICCU\CNCT\005286</subfield>
    <subfield code="z">Rampazetto, Francesco &lt;1.&gt;</subfield>
  </datafield>
  <datafield tag="791" ind1="0" ind2="0">
    <subfield code="a">Rampazetus, Franciscus</subfield>
    <subfield code="3">IT\ICCU\CNCT\005287</subfield>
    <subfield code="z">Rampazetto, Francesco &lt;1.&gt;</subfield>
  </datafield>
  <datafield tag="801" ind1=" " ind2="3">
    <subfield code="a">IT</subfield>
    <subfield code="b">ICCU</subfield>
    <subfield code="c">20201115</subfield>
  </datafield>
  <datafield tag="899" ind1=" " ind2=" ">
    <subfield code="a">British Library. London</subfield>
    <subfield code="1">UK0001</subfield>
  </datafield>
</record>
</collection>
